@article{bar2007variable,
  title={Variable dimension filter for maneuvering target tracking},
  author={Bar-Shalom, Yaakov and Birmiwal, Kailash},
  journal={IEEE transactions on Aerospace and Electronic Systems},
  number={5},
  pages={621--629},
  year={2007},
  publisher={IEEE}
}

@article{goff2015orbit,
  title={Orbit estimation of a continuously thrusting spacecraft using variable dimension filters},
  author={Goff, Gary M and Black, Johnathan T and Beck, Joseph A},
  journal={Journal of Guidance, Control, and Dynamics},
  volume={38},
  number={12},
  pages={2407--2420},
  year={2015},
  publisher={American Institute of Aeronautics and Astronautics}
}

@inproceedings{wetterer2022cislunar,
  title={Cislunar maneuver detection and classification},
  author={Wetterer, Charles J and Chow, CC and Baldwin, J and Dilley, Micah and Keri, AJ and Howell, KC},
  booktitle={Proceedings of the Advanced Maui Optical and Space Surveillance Technologies Conference (AMOS)},
  year={2022}
}

@inproceedings{wishnek2021robust,
  title={Robust cislunar initial orbit determination},
  author={Wishnek, Samuel and Holzinger, Marcus J and Handley, Patrick},
  booktitle={AMOS Conf. Proc},
  year={2021}
}

@article{greaves2021observation,
  title={Observation and maneuver detection for cislunar vehicles: Using optical measurements and the optimal control based estimator},
  author={Greaves, Jesse A and Scheeres, Daniel J},
  journal={The Journal of the Astronautical Sciences},
  volume={68},
  number={4},
  pages={826--854},
  year={2021},
  publisher={Springer}
}

@article{iannamorelli2025adaptive,
  title={Adaptive Gaussian Mixture Filtering for Multi-Sensor Maneuvering Cislunar Space Object Tracking},
  author={Iannamorelli, John L and LeGrand, Keith A},
  journal={The Journal of the Astronautical Sciences},
  volume={72},
  number={1},
  pages={2},
  year={2025},
  publisher={Springer}
}

@inproceedings{craig2024robust,
  title={ROBUST CISLUNAR OBJECT TRACKING WITH INFREQUENT MEASUREMENTS: VARIABLE-RANGE POINTING VECTOR APPROACH},
  author={Craig, Nicholas H and Oguri, Kenshiro},
  booktitle={35th AAS/AIAA Space Flight Mechanics Meeting},
  year={2024}
}

@inbook{pontryagin1962,
    author={Pontryagin, L},
  title={Mathematical Theory of Optimal Processes},
  year={1962},
  publisher={Interscience},
  address={New York},
  pages={1-114}
}

@inproceedings{lubey2013optimal,
  title={An optimal control based estimator for maneuver and natural dynamics reconstruction},
  author={Lubey, Daniel P and Scheeres, Daniel J},
  booktitle={Proceedings of the 2013 Advanced Maui Optical and Space Surveillance Technologies Conference},
  year={2013}
}

@book{smith1962application,
  title={Application of statistical filter theory to the optimal estimation of position and velocity on board a circumlunar vehicle},
  author={Smith, Gerald L and Schmidt, Stanley F and McGee, Leonard A},
  volume={135},
  year={1962},
  publisher={National Aeronautics and Space Administration}
}

@book{bar2004estimation,
  title={Estimation with applications to tracking and navigation: theory algorithms and software},
  author={Bar-Shalom, Yaakov and Li, X Rong and Kirubarajan, Thiagalingam},
  year={2004},
  publisher={John Wiley \& Sons}
}

@misc{foust2017international, 
    title={International and commercial interest in the Moon}, 
    url={https://thespacereview.com/article/3223/1}, 
    journal={The Space Review}, 
    author={Foust, Jeff}, 
    year={2017}, 
    month={Apr}
}

@misc{nelson2024moon, 
    title={Moon Race 2.0: Why so many nations and private companies are aiming for lunar landings}, 
    url={https://www.bbc.com/future/article/20240216-moon-race-20-why-so-many-nations-are-aiming-for-lunar-landings}, 
    journal={BBC News}, 
    publisher={BBC}, 
    author={Nelson, Sue}, 
    year={2024}, 
    month={Feb}
} 

@inproceedings{gupta2023constellation,
  title={Constellation design to support cislunar surveillance leveraging sidereal resonant orbits},
  author={Gupta, Maaninee and Howell, Kathleen C and Frueh, Carolin},
  booktitle={33rd AAS/AIAA Space Flight Mechanics Meeting},
  year={2023}
}
