%
%  all-biblatex.bib  2025-01-15  Mark Senn  http://bit.ly/marksenn
%
%  This is an example BibLaTeX data file.
%
%  BibLaTeX documentation is at
%    https://mirror.math.princeton.edu/pub/CTAN/macros/latex/contrib/biblatex/doc/biblatex.pdf
%
%  I like to order the entries by author, and within author by date.
%  If, for example, I later added a second 1994 publication for Goossens,
%  I would give it the key, "goossens1994b".
%
%  From http://isbn.org/about_ISBN_standard
%    For more than thirty years, ISBNs were 10 digits long.
%    On January 1, 2007 the ISBN system switched to a 13-digit
%    format.  Now all ISBNs are 13-digits long.
%
%  The apa7-<number> references are from the _Publication Manual
%  of the American Psychological Association_, 7th edition,
%  pages 317--352.
%

@book{knuth2012,
  author    = {Donald Ervin Knuth},
  isbn      = {{978\FigureDash 0\FigureDash 201\FigureDash 13447\FigureDash 6}},
  printing  = {19},
  publisher = {Addison-Wesley},
  title     = {The {\TeX}book},
}

@online{PurdueThesis-mailing-list,
  author    = {Mark Senn},
  date      = {2000-01-01},
  title     = {{\PurdueThesisLogo-list} -- {\PurdueThesisLogo} LaTeX document class list},
  url       = {https://engineering.purdue.edu/ECN/mailman/listinfo/purduethesis-list},
  urldate   = {2024-05-05},
}

@article{bar2007variable,
  title={Variable dimension filter for maneuvering target tracking},
  author={Bar-Shalom, Yaakov and Birmiwal, Kailash},
  journal={IEEE transactions on Aerospace and Electronic Systems},
  number={5},
  pages={621--629},
  year={2007},
  publisher={IEEE}
}

@article{goff2015orbit,
  title={Orbit estimation of a continuously thrusting spacecraft using variable dimension filters},
  author={Goff, Gary M and Black, Johnathan T and Beck, Joseph A},
  journal={Journal of Guidance, Control, and Dynamics},
  volume={38},
  number={12},
  pages={2407--2420},
  year={2015},
  publisher={American Institute of Aeronautics and Astronautics}
}

@inproceedings{wetterer2022cislunar,
  title={Cislunar maneuver detection and classification},
  author={Wetterer, Charles J and Chow, CC and Baldwin, J and Dilley, Micah and Keri, AJ and Howell, KC},
  booktitle={Proceedings of the Advanced Maui Optical and Space Surveillance Technologies Conference (AMOS)},
  year={2022}
}

@inproceedings{wishnek2021robust,
  title={Robust cislunar initial orbit determination},
  author={Wishnek, Samuel and Holzinger, Marcus J and Handley, Patrick},
  booktitle={AMOS Conf. Proc},
  year={2021}
}

@article{greaves2021observation,
  title={Observation and maneuver detection for cislunar vehicles: Using optical measurements and the optimal control based estimator},
  author={Greaves, Jesse A and Scheeres, Daniel J},
  journal={The Journal of the Astronautical Sciences},
  volume={68},
  number={4},
  pages={826--854},
  year={2021},
  publisher={Springer}
}

@article{iannamorelli2025adaptive,
  title={Adaptive Gaussian Mixture Filtering for Multi-Sensor Maneuvering Cislunar Space Object Tracking},
  author={Iannamorelli, John L and LeGrand, Keith A},
  journal={The Journal of the Astronautical Sciences},
  volume={72},
  number={1},
  pages={2},
  year={2025},
  publisher={Springer}
}

@inproceedings{craig2024robust,
  title={Robust cislunar object tracking with infrequent measurements: variable-range pointing vector approach},
  author={Craig, Nicholas H and Oguri, Kenshiro},
  booktitle={35th AAS/AIAA Space Flight Mechanics Meeting},
  year={2024}
}

@inbook{pontryagin1962,
    author={Pontryagin, L},
  title={Mathematical Theory of Optimal Processes},
  year={1962},
  publisher={Interscience},
  address={New York},
  pages={1-114}
}

@inproceedings{lubey2013optimal,
  title={An optimal control based estimator for maneuver and natural dynamics reconstruction},
  author={Lubey, Daniel P and Scheeres, Daniel J},
  booktitle={Proceedings of the 2013 Advanced Maui Optical and Space Surveillance Technologies Conference},
  year={2013}
}

@book{smith1962application,
  title={Application of statistical filter theory to the optimal estimation of position and velocity on board a circumlunar vehicle},
  author={Smith, Gerald L and Schmidt, Stanley F and McGee, Leonard A},
  volume={135},
  year={1962},
  publisher={National Aeronautics and Space Administration}
}

@book{bar2004estimation,
  title={Estimation with applications to tracking and navigation: theory algorithms and software},
  author={Bar-Shalom, Yaakov and Li, X Rong and Kirubarajan, Thiagalingam},
  year={2004},
  publisher={John Wiley \& Sons}
}

@misc{foust2017international, 
    title={International and commercial interest in the Moon}, 
    url={https://thespacereview.com/article/3223/1}, 
    journal={The Space Review}, 
    author={Foust, Jeff}, 
    year={2017}, 
    month={Apr}
}

@misc{nelson2024moon, 
    title={Moon Race 2.0: Why so many nations and private companies are aiming for lunar landings}, 
    url={https://www.bbc.com/future/article/20240216-moon-race-20-why-so-many-nations-are-aiming-for-lunar-landings}, 
    journal={BBC News}, 
    publisher={BBC}, 
    author={Nelson, Sue},
    year={2024}, 
    month={Feb}
} 

@inproceedings{gupta2023constellation,
  title={Constellation design to support cislunar surveillance leveraging sidereal resonant orbits},
  author={Gupta, Maaninee and Howell, Kathleen C and Frueh, Carolin},
  booktitle={33rd AAS/AIAA Space Flight Mechanics Meeting},
  year={2023}
}

@book{lawden1963optimal,
  title={Optimal Trajectories for Space Navigation},
  author={Lawden, D.F.},
  series={Butterworths mathematical texts},
  year={1963},
  publisher={Butterworths}
}

@article{taheri2018generic,
  title={Generic smoothing for optimal bang-off-bang spacecraft maneuvers},
  author={Taheri, Ehsan and Junkins, John L},
  journal={Journal of Guidance, Control, and Dynamics},
  volume={41},
  number={11},
  pages={2470--2475},
  year={2018},
  publisher={American Institute of Aeronautics and Astronautics}
}

@article{junkins2019exploration,
  title={Exploration of alternative state vector choices for low-thrust trajectory optimization},
  author={Junkins, John L and Taheri, Ehsan},
  journal={Journal of Guidance, Control, and Dynamics},
  volume={42},
  number={1},
  pages={47--64},
  year={2019},
  publisher={American Institute of Aeronautics and Astronautics}
}

@mastersthesis{zimovan2017characteristics,
    author = "E. Zimovan",
    title = "Characteristics and Design Strategies for Near Rectilinear Halo Orbits Within the Earth-Moon System",
    school = "Purdue University",
    year = 2017
}

@ARTICLE{blom1988interacting,
  author={Blom, H.A.P. and Bar-Shalom, Y.},
  journal={IEEE Transactions on Automatic Control}, 
  title={The interacting multiple model algorithm for systems with Markovian switching coefficients}, 
  year={1988},
  volume={33},
  number={8},
  pages={780-783},
  keywords={Nonlinear filters;Filtering algorithms;Linear systems;Merging;Automatic control;State feedback;Programmable control;Adaptive control;Silicon compounds;Adaptive filters},
  doi={10.1109/9.1299}}

@ARTICLE{bar1989tracking,
  author={Bar-Shalom, Y. and Chang, K.C. and Blom, H.A.P.},
  journal={IEEE Transactions on Aerospace and Electronic Systems}, 
  title={Tracking a maneuvering target using input estimation versus the interacting multiple model algorithm}, 
  year={1989},
  volume={25},
  number={2},
  pages={296-300},
  keywords={Target tracking;State estimation;Filters},
  doi={10.1109/7.18693}}

@article{genovese2001interacting,
author = {Genovese, A.F.},
year = {2001},
month = {10},
pages = {614-623},
title = {The interacting multiple model algorithm for accurate state estimation of maneuvering targets},
volume = {22},
journal = {Johns Hopkins APL Technical Digest (Applied Physics Laboratory)}
}

@article{holzinger2012object,
author = {Holzinger, Marcus J. and Scheeres, Daniel J. and Alfriend, Kyle T.},
title = {Object Correlation, Maneuver Detection, and Characterization Using Control Distance Metrics},
journal = {Journal of Guidance, Control, and Dynamics},
volume = {35},
number = {4},
pages = {1312-1325},
year = {2012},
doi = {10.2514/1.53245},
URL = {https://doi.org/10.2514/1.53245},
eprint = {https://doi.org/10.2514/1.53245}
}

@article{vishwajet2018adaptive,
author = {Vishwajeet, Kumar and Singla, Puneet},
title = {Adaptive Split/Merge-Based Gaussian Mixture Model Approach for Uncertainty Propagation},
journal = {Journal of Guidance, Control, and Dynamics},
volume = {41},
number = {3},
pages = {603-617},
year = {2018},
doi = {10.2514/1.G002801},
URL = {https://doi.org/10.2514/1.G002801},
eprint = {https://doi.org/10.2514/1.G002801}
}

@article{demars2013entropy,
author = {DeMars, Kyle J. and Bishop, Robert H. and Jah, Moriba K.},
title = {Entropy-Based Approach for Uncertainty Propagation of Nonlinear Dynamical Systems},
journal = {Journal of Guidance, Control, and Dynamics},
volume = {36},
number = {4},
pages = {1047-1057},
year = {2013},
doi = {10.2514/1.58987},
URL = {https://doi.org/10.2514/1.58987},
eprint = {https://doi.org/10.2514/1.58987}
}

@mastersthesis{williams2024dynamics,
    author = "D. Williams",
    title = "Dyanmics of Long-Term Orbit Maintenance Strategies in the Circular Restricted Three Body Problem",
    school = "Purdue University",
    year = 2024
}